@article{scarf:1967,
  title={{The core of an N person game}},
  author={Scarf, H.E.},
  journal={Econometrica: Journal of the Econometric Society},
  volume={35},
  number={1},
  pages={50--69},
  issn={0012-9682},
  year={1967},
  publisher={JSTOR}
}


@article{shapley:1973,
  title={{On Balanced Games Without Side Payments: A Correction.}},
  author={Shapley, L.},
  year={1973},
  publisher={RAND}
}

@article{kannai:1970,
  title={{Continuity properties of the core of a market}},
  author={Kannai, Y.},
  journal={Econometrica: Journal of the Econometric Society},
  volume=38,
  number=6,
  pages={791--815},
  issn={0012-9682},
  year=1970,
  publisher={JSTOR}
}