
@article{Schwartz:1980,
 author = {Schwartz, J. T.},
 title = {Fast Probabilistic Algorithms for Verification of Polynomial Identities},
 journal = {J. ACM},
 volume = {27},
 issue = {4},
 month = {October},
 year = {1980},
 issn = {0004-5411},
 pages = {701--717},
 numpages = {17},
 url = {http://doi.acm.org/10.1145/322217.322225},
 doi = {http://doi.acm.org/10.1145/322217.322225},
 acmid = {322225},
 publisher = {ACM},
 address = {New York, NY, USA},
}

@incollection {Zippel:1979,
   author = {Zippel, Richard},
   affiliation = {Massachusetts Institute of Technology Laboratory for Computer Science 02139 Cambridge Mass. USA 02139 Cambridge Mass. USA},
   title = {Probabilistic algorithms for sparse polynomials},
   booktitle = {Symbolic and Algebraic Computation},
   series = {Lecture Notes in Computer Science},
   editor = {Ng, Edward},
   publisher = {Springer Berlin / Heidelberg},
   isbn = {},
   pages = {216-226},
   volume = {72},
   year = {1979}
}

@article{DemilloLipton:1978,
  title = {A Probabilistic Remark on Algebraic Program Testing.},
  author = {DeMillo,Richard A. and Lipton,Richard J.},
  year = {1978},
  month = {June},
  journal = {Information Processing Letters},
  volume = {7},
  number = {4},
  pages = {193-195}
}
@unpublished{LiptonBlog,
  Author = {Richard Lipton},
  Title = {The Curious History of the Schwartz-Zippel Lemma},
  note = {\url{http://rjlipton.wordpress.com/2009/11/30/the-curious-history-of-the-schwartz-zippel-lemma/}} 
}

@article{Moshkovitz:2010,
  Author = {Dana Moshkovitz},
  Title = {An Alternative Proof of The Schwartz-Zippel Lemma},
  year = 2010,
  note = {\url{http://eccc.hpi-web.de/report/2010/096/}},
  journal = {Electronic Colloquium on Computational Complexity} 
}
