@book{Euler:1749,
  author={L. Euler},
  title={Introductio in analysin infintorum},
  year={1748},
  volume={2},
  pages={xviii+442}
}

@book{Mobius:1827,
  author={A.F. M\"obius},
  title={Der baryzentrische Calcul},
  year={1827},
  pages={3+177},
  address={Leipzig}

}
